% Master Literatur

@book{Schweizer18,
	author={Schweizer, Ben},
	title={Partielle Differentialgleichungen},
	publisher={Springer Spektrum},
	year={2018},
	edition={2},
	hyphenation={Deutsch}
}

@book{Handrock-Meyer88,
	author={Handrock-Meyer, S.},
	title={Inverse Probleme für die Wärmeleitungsgleichung},
	publisher={Zeitschrift für Analysis und ihre Anwendungen, S. 503-510},
	year={1988},
	hyphenation={Deutsch}
}


% Bachelor Literatur

@book{Rieder03,
	author={Rieder, Andres},
	title={Keine Probleme mit inversen Problemen},
	publisher={Vieweg},
	year={2003},
	edition={1},
	hyphenation={Deutsch}
}


@book{Burg91,
	author = {Burg, Klemens and Haf, Herbert and Wille, Friedrich},
	title = {Funktionalanalysis und partielle Differentialgleichungen},
	publisher = {Teubner},
	year = {1991},
	edition={1},
	hyphenation={Deutsch}
}


@book{Buzug04,
	author={Buzug, Thorsten M.},
	title={Einführung in die Computertomographie},
	publisher={Springer},
	year={2004},
	edition={1},
	hyphenation={Deutsch}
}

@book{Heuser75,
	author={Heuser, Harro},
	title={Funktionalanalysis},
	publisher={B.G Teubner Stutgart},
	year={1975},
	edition={1},
	hyphenation={Deutsch}
}

@book{Nashed,
	author={Nashed, M. Zuhair and Groetsch, C. W.},
	title={A new approach to classification and regularization of ill-posed operator equations},
	publisher={},
	year={S. 53-75},
	edition={},
	hyphenation={English}
}

@book{Zeng09,
	author={Zeng, Gengsheng Lawrence},
	title={Medical Image Reconstruction},
	publisher={Springer},
	year={2009},
	edition={1},
	hyphenation={English}
}

% noch andere Beispiele

@thesis{Neufeld15,
	author={Neufeld, Lena},
	title={Randomisiertes Kaczmarz-Verfahren},
	url={https://www.uni-muenster.de/AMM/num/burger/teaching/bachelor.html},
	type={Bachelorarbeit},
	year={2015},
	month={3},
	institution={Westfälische Wilhelms-Universität },
	address={Münster},
	hyphenation={german},
	keywords={bachelorthesisexample1}
}

@online{Hansen,
	author={Hansen, Per Christian and Jorgensen, Jakob Sauer and Saxild-Hansen, Maria},
	title={A MATLAB Package of Algebraic Iterative Reconstruction Methods, AIR Tools II, Version 1.0},
	url={http://people.compute.dtu.dk/pcha/AIRtoolsII/index.html},
	urldate={2019-06-19},
	keywords={onlineexample2}
}

